<?xml version="1.0" encoding="UTF-8"?><record xmlns="http://www.loc.gov/MARC21/slim" xmlns:cinclude="http://apache.org/cocoon/include/1.0" xmlns:zs="http://www.loc.gov/zing/srw/">
  <leader>00738cz  a2200145n  4500</leader>
  <controlfield tag="001">no2004075165</controlfield>
  <controlfield tag="003">DLC</controlfield>
  <controlfield tag="005">20130322102258.0</controlfield>
  <controlfield tag="008">040806n| azannaabn          |n aaa     c</controlfield>
  <datafield tag="010" ind1=" " ind2=" ">
    <subfield code="a">no2004075165</subfield>
  </datafield>
  <datafield tag="035" ind1=" " ind2=" ">
    <subfield code="a">(OCoLC)oca06411687</subfield>
  </datafield>
  <datafield tag="040" ind1=" " ind2=" ">
    <subfield code="a">MBU-T</subfield>
    <subfield code="b">eng</subfield>
    <subfield code="e">rda</subfield>
    <subfield code="c">MBU-T</subfield>
    <subfield code="d">DLC</subfield>
  </datafield>
  <datafield tag="100" ind1="1" ind2=" ">
    <subfield code="a">Becker, R.</subfield>
    <subfield code="c">(Missionary)</subfield>
  </datafield>
  <datafield tag="670" ind1=" " ind2=" ">
    <subfield code="a">Testament ti Fini ti Seigneur na Sauveur ti Ani JeĚsus-Christ, 1935:</subfield>
    <subfield code="b">bookplate (R. Becker, translator)</subfield>
  </datafield>
  <datafield tag="670" ind1=" " ind2=" ">
    <subfield code="a">Book of a thousand tongues, 1972:</subfield>
    <subfield code="b">p. 379 (#1140: Sango: NT, 1935, translated by members of the Intermission Language Committee, composed of missionaries of the Baptist Mid-Mission and Brethren Mission ... including F. [sic] Rosenau, A.I. Seymour, R. Becker, P.F. Metzler, T.R. Wimer, and N.G. Pearson)</subfield>
  </datafield>
</record>